@article{VinyalsBLKW16,
  author    = {Oriol Vinyals and
               Charles Blundell and
               Timothy P. Lillicrap and
               Koray Kavukcuoglu and
               Daan Wierstra},
  title     = {Matching Networks for One Shot Learning},
  journal   = {CoRR},
  volume    = {abs/1606.04080},
  year      = {2016},
  url       = {http://arxiv.org/abs/1606.04080},
  archivePrefix = {arXiv},
  eprint    = {1606.04080},
  timestamp = {Mon, 13 Aug 2018 16:46:48 +0200},
  biburl    = {https://dblp.org/rec/journals/corr/VinyalsBLKW16.bib},
  bibsource = {dblp computer science bibliography, https://dblp.org}
}