@article{VinyalsBLKW16,
  author    = {Oriol Vinyals and
               Charles Blundell and
               Timothy P. Lillicrap and
               Koray Kavukcuoglu and
               Daan Wierstra},
  title     = {Matching Networks for One Shot Learning},
  journal   = {CoRR},
  volume    = {abs/1606.04080},
  year      = {2016},
  url       = {http://arxiv.org/abs/1606.04080},
  archivePrefix = {arXiv},
  eprint    = {1606.04080},
  timestamp = {Mon, 13 Aug 2018 16:46:48 +0200},
  biburl    = {https://dblp.org/rec/journals/corr/VinyalsBLKW16.bib},
  bibsource = {dblp computer science bibliography, https://dblp.org}
}

@inproceedings{snell2017prototypical,
  title={Prototypical networks for few-shot learning},
  author={Snell, Jake and Swersky, Kevin and Zemel, Richard},
  booktitle={Advances in neural information processing systems},
  pages={4077--4087},
  year={2017}
}


@article{LinMBHPRDZ14,
  author    = {Tsung{-}Yi Lin and
               Michael Maire and
               Serge J. Belongie and
               Lubomir D. Bourdev and
               Ross B. Girshick and
               James Hays and
               Pietro Perona and
               Deva Ramanan and
               Piotr Doll{\'{a}}r and
               C. Lawrence Zitnick},
  title     = {Microsoft {COCO:} Common Objects in Context},
  journal   = {CoRR},
  volume    = {abs/1405.0312},
  year      = {2014},
  url       = {http://arxiv.org/abs/1405.0312},
  archivePrefix = {arXiv},
  eprint    = {1405.0312},
  timestamp = {Mon, 13 Aug 2018 16:48:13 +0200},
  biburl    = {https://dblp.org/rec/journals/corr/LinMBHPRDZ14.bib},
  bibsource = {dblp computer science bibliography, https://dblp.org}
}

@Article{Everingham10, 
   author = "Everingham, M. and Van~Gool, L. and Williams, C. K. I. and Winn, J. and Zisserman, A.", 
   title = "{The Pascal Visual Object Classes {(VOC)} Challenge}", 
   journal = "International Journal of Computer Vision", 
   volume = "88", 
   year = "2010", 
   number = "2", 
   month = jun, 
   pages = "303--338", 
} 

@ARTICLE{Geiger2013IJRR,
  author = {Andreas Geiger and Philip Lenz and Christoph Stiller and Raquel Urtasun},
  title = {{Vision meets Robotics}: {The KITTI Dataset}},
  journal = {International Journal of Robotics Research (IJRR)},
  year = {2013}
} 

@article{samuelson2005they,
  title={They call it like they see it: Spontaneous naming and attention to shape},
  author={Samuelson, Larissa K and Smith, Linda B},
  journal={Developmental Science},
  volume={8},
  number={2},
  pages={182--198},
  year={2005},
  publisher={Wiley Online Library}
}

@article{wang2020frustratingly,
  title={{Frustratingly Simple Few-Shot Object Detection}},
  author={Wang, Xin and Huang, Thomas E and Darrell, Trevor and Gonzalez, Joseph E and Yu, Fisher},
  journal={arXiv preprint arXiv:2003.06957},
  year={2020},
  url= {http://arxiv.org/abs/2003.06957},
}

@inproceedings{kang2019few,
  title={Few-shot object detection via feature reweighting},
  author={Kang, Bingyi and Liu, Zhuang and Wang, Xin and Yu, Fisher and Feng, Jiashi and Darrell, Trevor},
  booktitle={Proceedings of the IEEE International Conference on Computer Vision},
  pages={8420--8429},
  year={2019}
}

@article{snell2017prototypical,
    title={Prototypical Networks for Few-shot Learning},
    author={Jake Snell and Kevin Swersky and Richard S. Zemel},
    year={2017},
    eprint={1703.05175},
    archivePrefix={arXiv},
    primaryClass={cs.LG}
}

@inproceedings{he2016deep,
  title={Deep residual learning for image recognition},
  author={He, Kaiming and Zhang, Xiangyu and Ren, Shaoqing and Sun, Jian},
  booktitle={Proceedings of the IEEE conference on computer vision and pattern recognition},
  pages={770--778},
  year={2016}
}

@inproceedings{girshick2015fast,
  title={Fast {R-CNN}},
  author={Girshick, Ross},
  booktitle={Proceedings of the IEEE international conference on computer vision},
  pages={1440--1448},
  year={2015}
}

@article{chen2019closer,
  title={A closer look at few-shot classification},
  author={Chen, Wei-Yu and Liu, Yen-Cheng and Kira, Zsolt and Wang, Yu-Chiang Frank and Huang, Jia-Bin},
  journal={arXiv preprint arXiv:1904.04232},
  year={2019}
}

@inproceedings{qi2018low,
  title={Low-shot learning with imprinted weights},
  author={Qi, Hang and Brown, Matthew and Lowe, David G},
  booktitle={Proceedings of the IEEE conference on computer vision and pattern recognition},
  pages={5822--5830},
  year={2018}
}

@inproceedings{gidaris2018dynamic,
  title={Dynamic few-shot visual learning without forgetting},
  author={Gidaris, Spyros and Komodakis, Nikos},
  booktitle={Proceedings of the IEEE Conference on Computer Vision and Pattern Recognition},
  pages={4367--4375},
  year={2018}
}

@inproceedings{ren2015faster,
  title={Faster r-cnn: Towards real-time object detection with region proposal networks},
  author={Ren, Shaoqing and He, Kaiming and Girshick, Ross and Sun, Jian},
  booktitle={Advances in neural information processing systems},
  pages={91--99},
  year={2015}
}